@article{FederEtAl2025,
  title      = {{{R3MG}}: {{R-tree}} Based Agglomeration of Polytopal Grids with Applications to Multilevel Methods},
  shorttitle = {{{R3MG}}},
  author     = {Feder, Marco and Cangiani, Andrea and Heltai, Luca},
  year       = {2025},
  month      = apr,
  journal    = {Journal of Computational Physics},
  volume     = {526},
  pages      = {113773},
  issn       = {00219991},
  doi        = {10.1016/j.jcp.2025.113773}
}


@techreport{FederEtAl2024b,
  author      = {Marco Feder and Luca Heltai and Martin Kronbichler and Peter Munch},
  institution = {University of Pisa},
  title       = {Matrix-free implementation of the non-nested multigrid method},
  year        = {2024}
}
